<?xml version="1.0" encoding="UTF-8"?><collection xmlns="http://www.loc.gov/MARC21/slim"><record><leader>00587nam--2200181-u-4500</leader><controlfield tag="001">000055558</controlfield><controlfield tag="002">20161230</controlfield><controlfield tag="005">20161230201052</controlfield><controlfield tag="008">130225s1000------------r-----000-0-eng-d</controlfield><datafield ind1=" " ind2=" " tag="040"><subfield code="a">IFIN-HH</subfield></datafield><datafield ind1=" " ind2=" " tag="080"><subfield code="a">621.384(038)=20=82</subfield></datafield><datafield ind1="1" ind2=" " tag="100"><subfield code="a">Katyshev, Yu.V</subfield></datafield><datafield ind1="1" ind2="0" tag="245"><subfield code="a">English-russian dictionary of charged particle accelerators</subfield><subfield code="b">Anglo-russkii slovari po uskoriteliam zariajennih ceastit</subfield><subfield code="c">Yu.v. katyshev, d.l. novikiv, e.a. polferov</subfield></datafield><datafield ind1=" " ind2=" " tag="260"><subfield code="a">Moskva</subfield><subfield code="b">Soveskaia Entiklopedia</subfield><subfield code="c">1965</subfield></datafield><datafield ind1=" " ind2=" " tag="300"><subfield code="a">32P</subfield></datafield><datafield ind1="1" ind2=" " tag="700"><subfield code="a">Polferov, E.A</subfield></datafield><datafield ind1=" " ind2=" " tag="852"><subfield code="a">D.357</subfield><subfield code="c">SLT</subfield></datafield><datafield ind1=" " ind2=" " tag="CAT"><subfield code="a">Sys</subfield><subfield code="c">20130225</subfield><subfield code="h">124820</subfield></datafield></record></collection>